@online{NRF_PeerManager,
  title = {{nRF5 SDK v17.1.0} Peer Manager},
  year = 2021,
  url = {https://infocenter.nordicsemi.com/index.jsp?topic=%2Fsdk_nrf5_v17.1.0%2Flib_peer_manager.html},
  urldate = {2023-07-27}
}
@online{Bluetooth_Wireless_Technology,
  title = {Bluetooth Wireless Technology},
  year = 2023,
  url = {https://www.bluetooth.com/learn-about-bluetooth/tech-overview/},
  urldate = {2023-08-10}
}
@manual{Bluetooth_Core_Specification,
  title        = {Bluetooth Core Specification},
  version      = {5.4},
  date         = {2023-01-31}
}
@book{Grundkurs_mobile_Kommunikation,
  author         = {Martin Sauter},
  publisher      = {Springer Vieweg},
  title          = {Grundkurs Mobile Kommunikationssysteme},
  year           = 2022,
  ISBN           = {978-3-658-36963-7}
}
@online{Overview_and_Evaluation_of_BLE,
  title        = {Overview and Evaluation of Bluetooth Low Energy: An Emerging Low-Power Wireless Technology},
  year         = 2012,
  author       = {Carles Gomez, Joaquim Oller, Josep Paradells},
  url          = {https://www.ncbi.nlm.nih.gov/pmc/articles/PMC3478807/},
  urldate      = {2023-08-10}
}